<record><leader>00000cas a22000007a 4500</leader><controlfield tag="001">10968627</controlfield><controlfield tag="008">840719d18601896vauwr ne      0    0eng d</controlfield><datafield ind1=" " ind2=" " tag="010"><subfield code="a">sn 84024653 </subfield></datafield><datafield ind1=" " ind2=" " tag="040"><subfield code="a">NPV</subfield><subfield code="b">eng</subfield><subfield code="c">NPV</subfield><subfield code="d">NPX</subfield><subfield code="d">NPU</subfield><subfield code="d">DLC</subfield><subfield code="d">NVK</subfield><subfield code="d">FUG</subfield><subfield code="d">NVK</subfield><subfield code="d">OCL</subfield><subfield code="d">OCLCQ</subfield><subfield code="d">OCLCF</subfield><subfield code="d">OCLCO</subfield></datafield><datafield ind1="1" ind2=" " tag="029"><subfield code="a">AU@</subfield><subfield code="b">000020228619</subfield></datafield><datafield ind1=" " ind2=" " tag="042"><subfield code="a">msc</subfield></datafield><datafield ind1=" " ind2=" " tag="043"><subfield code="a">n-us-va</subfield></datafield><datafield ind1="0" ind2="0" tag="050"><subfield code="a">Newspaper 10028-X</subfield></datafield><datafield ind1="0" ind2=" " tag="130"><subfield code="a">Staunton vindicator (Staunton, Va. : 1860)</subfield></datafield><datafield ind1="1" ind2="0" tag="245"><subfield code="a">Staunton vindicator.</subfield></datafield><datafield ind1="1" ind2="3" tag="246"><subfield code="a">Vindicator</subfield></datafield><datafield ind1="1" ind2="7" tag="246"><subfield code="a">Staunton vindicator and general advertiser</subfield></datafield><datafield ind1=" " ind2=" " tag="260"><subfield code="a">Staunton, Va. :</subfield><subfield code="b">Michie &amp; Co.</subfield></datafield><datafield ind1=" " ind2=" " tag="300"><subfield code="a">v. :</subfield><subfield code="b">ill. ;</subfield><subfield code="c">58-66 cm.</subfield></datafield><datafield ind1=" " ind2=" " tag="310"><subfield code="a">Weekly</subfield></datafield><datafield ind1="1" ind2=" " tag="362"><subfield code="a">Began in 1860; ceased in Sept. 1896.</subfield><subfield code="z">Cf. Cappon, L.J. Va. newspapers.</subfield></datafield><datafield ind1=" " ind2=" " tag="500"><subfield code="a">Publisher varies: S.M Yost, Apr. 6, 1860-&lt;&gt; ; W.H. Lynn, &lt;Feb. 1863-Oct. 4, 1872&gt; ; Lynn &amp; Tinsley, &lt;Oct. 11, 1872&gt;-June 30, 1876 ; Tinsley &amp; Morton, July 7, 1876-</subfield></datafield><datafield ind1=" " ind2=" " tag="530"><subfield code="a">Also issued on microfilm from Bell &amp; Howell, Micro Photo Div.</subfield></datafield><datafield ind1=" " ind2=" " tag="588"><subfield code="a">Description based on: Vol. 16, no. 1 (Jan. 6, 1860).</subfield></datafield><datafield ind1=" " ind2="0" tag="651"><subfield code="a">Staunton (Va.)</subfield><subfield code="v">Newspapers.</subfield></datafield><datafield ind1=" " ind2="7" tag="655"><subfield code="a">Newspapers.</subfield><subfield code="2">fast</subfield><subfield code="0">(OCoLC)fst01423814</subfield></datafield><datafield ind1=" " ind2="7" tag="651"><subfield code="a">Virginia</subfield><subfield code="z">Staunton.</subfield><subfield code="2">fast</subfield><subfield code="0">(OCoLC)fst01204696</subfield></datafield><datafield ind1=" " ind2=" " tag="752"><subfield code="a">United States</subfield><subfield code="b">Virginia</subfield><subfield code="d">Staunton.</subfield></datafield><datafield ind1="0" ind2="0" tag="780"><subfield code="t">Staunton vindicator and general advertiser</subfield><subfield code="w">(DLC)sn 96027384</subfield><subfield code="w">(OCoLC)34541506</subfield></datafield><datafield ind1="0" ind2="7" tag="785"><subfield code="t">Staunton spectator (Staunton, Va. : 1849)</subfield><subfield code="w">(DLC)sn 84024718</subfield><subfield code="w">(OCoLC)11040991</subfield></datafield><datafield ind1="0" ind2="7" tag="785"><subfield code="t">Staunton spectator and vindicator</subfield><subfield code="w">(DLC)sn 84024720</subfield></datafield><datafield ind1=" " ind2=" " tag="936"><subfield code="a">Vol. 52, no. 34 (Aug. 28, 1896)</subfield></datafield></record>